@article{kirchenbauer2023watermark,
	title={A watermark for large language models},
	author={Kirchenbauer, John and Geiping, Jonas and Wen, Yuxin and Katz, Jonathan and Miers, Ian and Goldstein, Tom},
	journal={arXiv preprint arXiv:2301.10226},
	year={2023}
}
@article{raffel2020exploring,
	title={Exploring the limits of transfer learning with a unified text-to-text transformer},
	author={Raffel, Colin and Shazeer, Noam and Roberts, Adam and Lee, Katherine and Narang, Sharan and Matena, Michael and Zhou, Yanqi and Li, Wei and Liu, Peter J},
	journal={The Journal of Machine Learning Research},
	volume={21},
	number={1},
	pages={5485--5551},
	year={2020},
	publisher={JMLRORG}
}
@article{devlin2018bert,
	title={Bert: Pre-training of deep bidirectional transformers for language understanding},
	author={Devlin, Jacob and Chang, Ming-Wei and Lee, Kenton and Toutanova, Kristina},
	journal={arXiv preprint arXiv:1810.04805},
	year={2018}
}
@article{radford2018improving,
	title={Improving language understanding by generative pre-training},
	author={Radford, Alec and Narasimhan, Karthik and Salimans, Tim and Sutskever, Ilya and others},
	year={2018},
	publisher={OpenAI}
}
@inproceedings{peters-etal-2018-deep,
	title = "Deep Contextualized Word Representations",
	author = "Peters, Matthew E.  and
	Neumann, Mark  and
	Iyyer, Mohit  and
	Gardner, Matt  and
	Clark, Christopher  and
	Lee, Kenton  and
	Zettlemoyer, Luke",
	booktitle = "Proceedings of the 2018 Conference of the North {A}merican Chapter of the Association for Computational Linguistics: Human Language Technologies, Volume 1 (Long Papers)",
	month = jun,
	year = "2018",
	address = "New Orleans, Louisiana",
	publisher = "Association for Computational Linguistics",
	url = "https://aclanthology.org/N18-1202",
	doi = "10.18653/v1/N18-1202",
	pages = "2227--2237",
}
@article{vaswani2017attention,
	title={Attention is all you need},
	author={Vaswani, Ashish and Shazeer, Noam and Parmar, Niki and Uszkoreit, Jakob and Jones, Llion and Gomez, Aidan N and Kaiser, {\L}ukasz and Polosukhin, Illia},
	journal={Advances in neural information processing systems},
	volume={30},
	year={2017}
}
@article{bahdanau2014neural,
	title={Neural machine translation by jointly learning to align and translate},
	author={Bahdanau, Dzmitry and Cho, Kyunghyun and Bengio, Yoshua},
	journal={arXiv preprint arXiv:1409.0473},
	year={2014}
}
@article{nallapati2016abstractive,
	title={Abstractive text summarization using sequence-to-sequence rnns and beyond},
	author={Nallapati, Ramesh and Zhou, Bowen and Gulcehre, Caglar and Xiang, Bing and others},
	journal={arXiv preprint arXiv:1602.06023},
	year={2016}
}